<?xml version="1.0" encoding="UTF-8" ?><marc:collection xmlns:marc="http://www.loc.gov/MARC21/slim" xmlns:xsi="http://www.w3.org/2001/XMLSchema-instance" xsi:schemaLocation="http://www.loc.gov/MARC21/slim http://www.loc.gov/standards/marcxml/schema/MARC21slim.xsd">
<marc:record><marc:leader>02782nam a2200445   4500</marc:leader>
<marc:controlfield tag="001">3396</marc:controlfield>
<marc:controlfield tag="003">aeadna</marc:controlfield><marc:controlfield tag="005">20100502081000.0</marc:controlfield><marc:controlfield tag="008">970108m19481949ua     f|  a|a001 0cara|u</marc:controlfield><marc:datafield tag="035" ind1=" " ind2=" "><marc:subfield code="a">(Sirsi) 3396</marc:subfield></marc:datafield><marc:datafield tag="040" ind1=" " ind2=" "><marc:subfield code="a">nal</marc:subfield><marc:subfield code="b">ara</marc:subfield><marc:subfield code="e">AACR2</marc:subfield></marc:datafield><marc:datafield tag="041" ind1="0" ind2=" "><marc:subfield code="a">ara</marc:subfield></marc:datafield><marc:datafield tag="043" ind1=" " ind2=" "><marc:subfield code="a">a------</marc:subfield></marc:datafield><marc:datafield tag="050" ind1=" " ind2="4"><marc:subfield code="a">DS35.5</marc:subfield><marc:subfield code="b">.I26</marc:subfield></marc:datafield><marc:datafield tag="066" ind1=" " ind2=" "><marc:subfield code="c">(3</marc:subfield></marc:datafield><marc:datafield tag="100" ind1="2" ind2=" "><marc:subfield code="a">ابن خلكان،</marc:subfield><marc:subfield code="d">1211-1282</marc:subfield></marc:datafield><marc:datafield tag="245" ind1="1" ind2="0"><marc:subfield code="a">وفيات الأعيان وأنباء أبناء الزمان /</marc:subfield><marc:subfield code="c"> لأبي العباس شمس الدين أحمد بن محمد بن أبي بكر بن خلكان؛ حققه، وعلق حواشيه، وصنع فهارسه محمد محيي الدين عبد الحميد</marc:subfield></marc:datafield><marc:datafield tag="250" ind1=" " ind2=" "><marc:subfield code="a">ط.1</marc:subfield></marc:datafield><marc:datafield tag="260" ind1=" " ind2=" "><marc:subfield code="a">القاهرة :</marc:subfield><marc:subfield code="b">مكتبة النهضة المصرية،</marc:subfield><marc:subfield code="c">1948-1949م.</marc:subfield></marc:datafield><marc:datafield tag="300" ind1=" " ind2=" "><marc:subfield code="a">6 ج. ؛</marc:subfield><marc:subfield code="c">24 سم.</marc:subfield></marc:datafield><marc:datafield tag="500" ind1=" " ind2=" "><marc:subfield code="a">في نهاية كل جزء فهرس.</marc:subfield></marc:datafield><marc:datafield tag="500" ind1=" " ind2=" "><marc:subfield code="a">ج2: دون رقم طبعة ودون سنة نشر ويعتقد ان سنة النشر هي1948. - ج5: ط.1، 1949. أما بقية الجزاء فهي تحمل ط.1، وسنة النشر 1948.</marc:subfield></marc:datafield><marc:datafield tag="504" ind1=" " ind2=" "><marc:subfield code="a">يتضمن ببليوجرافيات.</marc:subfield></marc:datafield><marc:datafield tag="650" ind1=" " ind2="4"><marc:subfield code="a">الرجال</marc:subfield><marc:subfield code="v">تراجم</marc:subfield></marc:datafield><marc:datafield tag="650" ind1=" " ind2="4"><marc:subfield code="a">التاريخ الإسلامي</marc:subfield><marc:subfield code="v">تراجم</marc:subfield></marc:datafield><marc:datafield tag="650" ind1=" " ind2="4"><marc:subfield code="a">الإسلام</marc:subfield><marc:subfield code="v">تراجم</marc:subfield><marc:subfield code="v">معاجم</marc:subfield></marc:datafield><marc:datafield tag="700" ind1="2" ind2=" "><marc:subfield code="a">عبد الحميد، محمد محيي الدين</marc:subfield><marc:subfield code="e">محقق</marc:subfield></marc:datafield><marc:datafield tag="775" ind1="0" ind2=" "><marc:subfield code="a">ابن خلكان،</marc:subfield><marc:subfield code="d">1211-1282</marc:subfield><marc:subfield code="d">[د. م.] : [د. ن.] ، 1310 هـ.[1890]</marc:subfield><marc:subfield code="f">le</marc:subfield><marc:subfield code="t">وفيات الأعيان وأنباء أبناء الزمان /</marc:subfield></marc:datafield><marc:datafield tag="775" ind1="0" ind2=" "><marc:subfield code="a">ابن خلكان،</marc:subfield><marc:subfield code="d">1211-1282</marc:subfield><marc:subfield code="d">بيروت : دار صادر، 1994م.</marc:subfield><marc:subfield code="f">le</marc:subfield><marc:subfield code="t">وفيات الأعيان وأنباء أبناء الزمان /</marc:subfield></marc:datafield><marc:datafield tag="949" ind1=" " ind2=" "><marc:subfield code="a">920.7156 خ ف ن ] 1948</marc:subfield><marc:subfield code="v">2</marc:subfield><marc:subfield code="w">DDC</marc:subfield><marc:subfield code="i">30018000014929</marc:subfield><marc:subfield code="u">06/03/2003</marc:subfield><marc:subfield code="d">04/27/2010</marc:subfield><marc:subfield code="e">12/25/2006</marc:subfield><marc:subfield code="n">1</marc:subfield><marc:subfield code="t">Book</marc:subfield><marc:subfield code="l">av</marc:subfield><marc:subfield code="m">MAIN</marc:subfield><marc:subfield code="j">0</marc:subfield><marc:subfield code="x">RAR</marc:subfield></marc:datafield><marc:datafield tag="949" ind1=" " ind2=" "><marc:subfield code="a">920.7156 خ ف ن ] 1948</marc:subfield><marc:subfield code="v">3</marc:subfield><marc:subfield code="w">DDC</marc:subfield><marc:subfield code="i">30018000014905</marc:subfield><marc:subfield code="u">06/03/2003</marc:subfield><marc:subfield code="d">04/27/2010</marc:subfield><marc:subfield code="e">12/25/2006</marc:subfield><marc:subfield code="n">1</marc:subfield><marc:subfield code="t">Book</marc:subfield><marc:subfield code="l">av</marc:subfield><marc:subfield code="m">MAIN</marc:subfield><marc:subfield code="j">0</marc:subfield><marc:subfield code="x">RAR</marc:subfield></marc:datafield><marc:datafield tag="949" ind1=" " ind2=" "><marc:subfield code="a">920.7156 خ ف ن ] 1948</marc:subfield><marc:subfield code="v">4</marc:subfield><marc:subfield code="w">DDC</marc:subfield><marc:subfield code="i">30018000014906</marc:subfield><marc:subfield code="u">06/03/2003</marc:subfield><marc:subfield code="d">04/27/2010</marc:subfield><marc:subfield code="e">12/25/2006</marc:subfield><marc:subfield code="n">1</marc:subfield><marc:subfield code="t">Book</marc:subfield><marc:subfield code="l">av</marc:subfield><marc:subfield code="m">MAIN</marc:subfield><marc:subfield code="j">0</marc:subfield><marc:subfield code="x">RAR</marc:subfield></marc:datafield><marc:datafield tag="949" ind1=" " ind2=" "><marc:subfield code="a">920.7156 خ ف ن ] 1948</marc:subfield><marc:subfield code="v">5</marc:subfield><marc:subfield code="w">DDC</marc:subfield><marc:subfield code="i">30018000014907</marc:subfield><marc:subfield code="u">06/03/2003</marc:subfield><marc:subfield code="d">04/27/2010</marc:subfield><marc:subfield code="e">12/25/2006</marc:subfield><marc:subfield code="n">1</marc:subfield><marc:subfield code="t">Book</marc:subfield><marc:subfield code="l">av</marc:subfield><marc:subfield code="m">MAIN</marc:subfield><marc:subfield code="j">0</marc:subfield><marc:subfield code="x">RAR</marc:subfield></marc:datafield><marc:datafield tag="949" ind1=" " ind2=" "><marc:subfield code="a">920.7156 خ ف ن ] 1948</marc:subfield><marc:subfield code="v">6</marc:subfield><marc:subfield code="w">DDC</marc:subfield><marc:subfield code="i">30018000014932</marc:subfield><marc:subfield code="u">06/03/2003</marc:subfield><marc:subfield code="d">04/27/2010</marc:subfield><marc:subfield code="e">12/25/2006</marc:subfield><marc:subfield code="n">1</marc:subfield><marc:subfield code="t">Book</marc:subfield><marc:subfield code="l">av</marc:subfield><marc:subfield code="m">MAIN</marc:subfield><marc:subfield code="j">0</marc:subfield><marc:subfield code="x">RAR</marc:subfield></marc:datafield><marc:datafield tag="949" ind1=" " ind2=" "><marc:subfield code="a">920.7156 خ ف ن ] 1948</marc:subfield><marc:subfield code="v">1</marc:subfield><marc:subfield code="w">DDC</marc:subfield><marc:subfield code="i">30018000014937</marc:subfield><marc:subfield code="u">06/03/2003</marc:subfield><marc:subfield code="d">04/27/2010</marc:subfield><marc:subfield code="e">12/25/2006</marc:subfield><marc:subfield code="n">1</marc:subfield><marc:subfield code="t">Book</marc:subfield><marc:subfield code="l">av</marc:subfield><marc:subfield code="m">MAIN</marc:subfield><marc:subfield code="j">0</marc:subfield><marc:subfield code="x">RAR</marc:subfield></marc:datafield><marc:datafield tag="949" ind1=" " ind2=" "><marc:subfield code="a">920.7156 خ ف ن ] 1948</marc:subfield><marc:subfield code="v">2</marc:subfield><marc:subfield code="w">DDC</marc:subfield><marc:subfield code="i">30018000014904</marc:subfield><marc:subfield code="u">04/27/2010</marc:subfield><marc:subfield code="d">04/27/2010</marc:subfield><marc:subfield code="n">0</marc:subfield><marc:subfield code="t">Book</marc:subfield><marc:subfield code="l">av</marc:subfield><marc:subfield code="m">MAIN</marc:subfield><marc:subfield code="x">RAR</marc:subfield></marc:datafield><marc:datafield tag="949" ind1=" " ind2=" "><marc:subfield code="a">920.7156 خ ف ن ] 1948</marc:subfield><marc:subfield code="v">3</marc:subfield><marc:subfield code="w">DDC</marc:subfield><marc:subfield code="i">30018000014931</marc:subfield><marc:subfield code="u">04/27/2010</marc:subfield><marc:subfield code="d">04/27/2010</marc:subfield><marc:subfield code="n">0</marc:subfield><marc:subfield code="t">Book</marc:subfield><marc:subfield code="l">av</marc:subfield><marc:subfield code="m">MAIN</marc:subfield><marc:subfield code="x">RAR</marc:subfield></marc:datafield><marc:datafield tag="949" ind1=" " ind2=" "><marc:subfield code="a">920.7156 خ ف ن ] 1948</marc:subfield><marc:subfield code="v">4</marc:subfield><marc:subfield code="w">DDC</marc:subfield><marc:subfield code="i">30018000014933</marc:subfield><marc:subfield code="u">04/27/2010</marc:subfield><marc:subfield code="d">04/27/2010</marc:subfield><marc:subfield code="n">0</marc:subfield><marc:subfield code="t">Book</marc:subfield><marc:subfield code="l">av</marc:subfield><marc:subfield code="m">MAIN</marc:subfield><marc:subfield code="x">RAR</marc:subfield></marc:datafield><marc:datafield tag="949" ind1=" " ind2=" "><marc:subfield code="a">920.7156 خ ف ن ] 1948</marc:subfield><marc:subfield code="v">5</marc:subfield><marc:subfield code="w">DDC</marc:subfield><marc:subfield code="i">30018000014935</marc:subfield><marc:subfield code="u">04/27/2010</marc:subfield><marc:subfield code="d">04/27/2010</marc:subfield><marc:subfield code="n">0</marc:subfield><marc:subfield code="t">Book</marc:subfield><marc:subfield code="l">av</marc:subfield><marc:subfield code="m">MAIN</marc:subfield><marc:subfield code="x">RAR</marc:subfield></marc:datafield><marc:datafield tag="949" ind1=" " ind2=" "><marc:subfield code="a">920.7156 خ ف ن ] 1948</marc:subfield><marc:subfield code="v">6</marc:subfield><marc:subfield code="w">DDC</marc:subfield><marc:subfield code="i">30018000014934</marc:subfield><marc:subfield code="u">04/27/2010</marc:subfield><marc:subfield code="d">04/27/2010</marc:subfield><marc:subfield code="n">0</marc:subfield><marc:subfield code="t">Book</marc:subfield><marc:subfield code="l">av</marc:subfield><marc:subfield code="m">MAIN</marc:subfield><marc:subfield code="x">RAR</marc:subfield></marc:datafield></marc:record>
</marc:collection>
